@article{Martens2021,
  author  = {M\"{a}rtens, Marcus and Izzo, Dario and Krzic, Andrej and Cox, D\"{a}niel},
  title   = {Super-Resolution of PROBA-V Images Using Convolutional Neural Networks},
  journal = {Astrodynamics},
  volume  = {3},
  number  = {1},
  year    = 2019,
  pages   = {387-402}
}
@article{Nasrollahi2014,
  author  = {Nasrollahi, Kamal and Moeslund, Thomas B.},
  title   = {Super-resolution: a comprehensive survey},
  journal = {Machine Vision and Applications},
  volume  = {25},
  number  = {},
  year    = {2014},
  pages   = {1423-1468}
}
@article{Molini2020,
  author  = {Molini, Andrea Bordone and Valsesia, Diego and Fracastoro, Giulia and MAgli, Enrico},
  title   = {DeepSUM: Deep Neural Network for Super-Resolution of Unregistered Multitemporal Images},
  journal = {IEEE Transactions on Geoscience and Remote Sensing},
  volume  = {58},
  number  = {5},
  year    = {2020},
  pages   = {3644-3656}
}
@misc{mark_bajo_2020_3733116,
  author    = {Mark Bajo},
  title     = {{Multi-Frame Super Resolution of unregistered temporal images using WDSR nets}},
  month     = mar,
  year      = 2020,
  doi       = {10.5281/zenodo.3733116},
  version   = {1.0},
  publisher = {Zenodo},
  url       = {https://doi.org/10.5281/zenodo.3733116}
}
@article{Dorr2020,
  author  = {Dorr, Francisco},
  title   = {Satellite Image Multi-Frame Super Resolution Using 3D Wide-Activation Neural Networks},
  journal = {Remote Sensing},
  volume  = {12},
  number  = {22},
  year    = {2020},
  pages   = {3812}
}
@misc{Ledig2016,
  doi       = {10.48550/ARXIV.1609.04802},
  url       = {https://arxiv.org/abs/1609.04802},
  author    = {Ledig, Christian and Theis, Lucas and Huszar, Ferenc and Caballero, Jose and Cunningham, Andrew and Acosta, Alejandro and Aitken, Andrew and Tejani, Alykhan and Totz, Johannes and Wang, Zehan and Shi, Wenzhe},
  keywords  = {Computer Vision and Pattern Recognition (cs.CV), Machine Learning (stat.ML), FOS: Computer and information sciences, FOS: Computer and information sciences},
  title     = {Photo-Realistic Single Image Super-Resolution Using a Generative Adversarial Network},
  publisher = {arXiv},
  year      = {2016},
  copyright = {arXiv.org perpetual, non-exclusive license}
}
@inproceedings{Sajjadi2018,
  author    = {Sajjadi, Mehdi S. M. and Vemulapalli, Raviteja and Brown, Matthew},
  booktitle = {2018 IEEE/CVF Conference on Computer Vision and Pattern Recognition},
  title     = {Frame-Recurrent Video Super-Resolution},
  year      = {2018},
  volume    = {},
  number    = {},
  pages     = {6626-6634},
  doi       = {10.1109/CVPR.2018.00693}
}
@article{Zhao2017,
  author          = {Zhao, Hang and Gallo, Orazio and Frosio, Iuri and Kautz, Jan},
  title           = {Loss Functions for Image Restoration with Neural Networks},
  journal         = {IEEE Transactions on Computational Imaging},
  volume          = {3},
  number          = {1},
  year            = {2017},
  pages = {47-57}
}
@article{yu2018wide,
  title={Wide activation for efficient and accurate image super-resolution},
  author={Yu, Jiahui and Fan, Yuchen and Yang, Jianchao and Xu, Ning and Wang, Zhaowen and Wang, Xinchao and Huang, Thomas},
  journal={arXiv preprint arXiv:1808.08718},
  year={2018}
}
@article{kim20183dsrnet,
  title={3dsrnet: Video super-resolution using 3d convolutional neural networks},
  author={Kim, Soo Ye and Lim, Jeongyeon and Na, Taeyoung and Kim, Munchurl},
  journal={arXiv preprint arXiv:1812.09079},
  year={2018}
}
@article{salvetti2020multi,
  title={Multi-image super resolution of remotely sensed images using residual attention deep neural networks},
  author={Salvetti, Francesco and Mazzia, Vittorio and Khaliq, Aleem and Chiaberge, Marcello},
  journal={Remote Sensing},
  volume={12},
  number={14},
  pages={2207},
  year={2020},
  publisher={Multidisciplinary Digital Publishing Institute}
}
